@article{scrivener1994survey,
  title={Survey of time-optimal attitude maneuvers},
  author={Scrivener, Sandra L and Thompson, Roger C},
  journal={Journal of Guidance, Control, and Dynamics},
  volume={17},
  number={2},
  pages={225--233},
  year={1994}
}

@article{bilimoria1993time,
	title={Time-optimal three-axis reorientation of a rigid spacecraft},
	author={Bilimoria, Karl D and Wie, Bong},
	journal={Journal of Guidance, Control, and Dynamics},
	volume={16},
	number={3},
	pages={446--452},
	year={1993}
}

@article{parwana2017quaternion,
	author    = {Hardik Parwana and Mangal Kothari},
	title     = {Quaternions and Attitude Representation},
	journal	  ={arXiv preprint arXiv:1708.08680},
	year      = {2017},
}

@inproceedings{wie1989quaternion,
	title={A quaternion feedback regulator for spacecraft eigenaxis rotations},
	author={Wie, Bong and Weiss, H and Arapostathis, A},
	booktitle={Guidance, Navigation and Control Conference},
	pages={4128},
	year={1989}
}

@article{byers1993quasi,
	title={Quasi-closed-form solution to the time-optimal rigid spacecraft reorientation problem},
	author={Byers, RM and Vadali, SR},
	journal={Journal of Guidance, Control, and Dynamics},
	volume={16},
	number={3},
	pages={453--461},
	year={1993}
}

@article{chowdhry1991optimal,
	title={Optimal rigid body motions, part 2: Minimum time solutions},
	author={Chowdhry, RS and Cliff, EM},
	journal={Journal of optimization theory and applications},
	volume={70},
	number={2},
	pages={255--276},
	year={1991},
	publisher={Springer}
}

@article{bryson1990efficient,
	title={Efficient algorithm for time-optimal control of a two-link manipulator},
	author={Bryson Jr, AE and Meier, EB},
	journal={J Guid Control Dyn},
	volume={13},
	pages={859--866},
	year={1990}
}

@book{longuski2014optimal,
	title={Optimal control with aerospace applications},
	author={Longuski, James M and Guzm{\'a}n, Jos{\'e} J and Prussing, John E},
	year={2014},
	publisher={Springer}
}

@article{graf2008quaternions,
	title={Quaternions and dynamics},
	author={Graf, Basile},
	journal={arXiv preprint arXiv:0811.2889},
	year={2008}
}

@book{stoer20033introduction,
	title={Introduction to numerical analysis},
	author={Stoer, Josef and Bulirsch, Roland},
	volume={12},
	year={2003},
	publisher={Springer Science \& Business Media}
}

@article{betts1998survey,
	title={Survey of numerical methods for trajectory optimization},
	author={Betts, John T},
	journal={Journal of Guidance control and dynamics},
	volume={21},
	number={2},
	pages={193--207},
	year={1998},
	publisher={New York: The Institute, 1982-}
}

@book{burlish1993optimal,
	title={Optimal Control: Calculus of Variations, Optimal Control Theory an Numeicla Methods},
	author={Bulirsch, Roland and Stoer, Josef},
	volume={12},
	year={1993},
	publisher={Springer Science \& Business Media}
}

@book{betts2010practical,
	title={Practical Methods for Optimal Control and Estimation Using Nonlinear Programming},
	author={Betts, Jonh T},
	volume={12},
	year={2010},
	publisher={SIAM}
}

@article{petersen2008matrix,
	title={The matrix cookbook},
	author={Petersen, Kaare Brandt and Pedersen, Michael Syskind and others},
	journal={Technical University of Denmark},
	volume={7},
	pages={15},
	year={2008}
}

@article{fleming2010minimum,
	title={Minimum-time reorientation of a rigid body},
	author={Fleming, Andrew and Sekhavat, Pooya and Ross, I Michael},
	journal={Journal of guidance, control, and dynamics},
	volume={33},
	number={1},
	pages={160},
	year={2010}
}
